% -*- mode: bibtex; mode: auto-fill; coding: utf-8; -*-

@book{redbook,
  title={{OpenGL programming guide: The official guide to learning OpenGL, Version 2}},
  author={Shreiner, Dave and Woo, Mason and Neider, Jackie and Davis, Tom},
  year={2006},
  isbn={0321335732},
  publisher={Addison-Wesley},
  edition={5th},
}

@book{orangebook,
  title={{OpenGL (R) Shading Language}},
  author={Rost, Randi J.},
  year={2006},
  isbn={0321334892},
  publisher={Addison Wesley, USA},
  edition={2nd},
}

@book{CUDABPG,
  title={{NVIDIA CUDA C Best practice guide}},
  year={2010},
  edition={3.1},
}

@book{NRIC2,
  title={{Numerical recipes in C, The Art of Scientific Computing}},
  author={Flannery, Brian P. and Press, William H. 
          and Teukolsky, Saul A. and Vetterling, William},
  journal={Press Syndicate of the University of Cambridge, New York},
  year={1992},
  edition={2nd},
}

@book{RTR2,
 author = {Tomas Akenine-M\"{o}ller and Eric Haines and Natty Hoffman},
 title = {Real-Time Rendering},
 year = {2002},
 isbn = {1568811829},
 edition = {2nd},
 publisher = {A. K. Peters, Ltd.},
 address = {Natick, MA, USA},
 }

@book{GPUGEMS1,
 author = {Fernando, Randima},
 title = {GPU Gems: Programming Techniques, Tips and Tricks for
                  Real-Time Graphics},
 year = {2004},
 isbn = {0321228324},
 publisher = {Pearson Higher Education},
 }

@book{GPUGEMS2,
  title={{GPU gems 2: programming techniques for high-performance graphics and general-purpose computation}},
  author={Pharr, M. and Fernando, R.},
  isbn={0321335597},
  year={2005},
  publisher={Addison-Wesley Professional}
}

@book{GPUGEMS3,
 author = {Nguyen, Hubert},
 title = {GPU Gems 3},
 year = {2007},
 isbn = {9780321515261},
 publisher = {Addison-Wesley Professional},
 }

@article{1409079,
 author = {Zhou, Kun and Hou, Qiming and Wang, Rui and Guo, Baining},
 title = {Real-time KD-tree construction on graphics hardware},
 journal = {ACM Trans. Graph.},
 volume = {27},
 number = {5},
 year = {2008},
 issn = {0730-0301},
 pages = {1--11},
 doi = {http://doi.acm.org/10.1145/1409060.1409079},
 publisher = {ACM},
 address = {New York, NY, USA},
 }

@INPROCEEDINGS{4756109, 
author={Patidar, S. and Narayanan, P.J.}, 
booktitle={Computer Vision, Graphics Image Processing, 2008. ICVGIP '08. Sixth Indian Conference on}, title={Ray Casting Deformable Models on the GPU},
year={2008}, 
month={16-19}, 
volume={}, 
number={}, 
pages={481 -488}, 
keywords={3D data structure;CUDA model;Nvidia GPU;SIMD GPU;computation coprocessors;multicore architectures;multisplit operation;parallel architectures;programming models;ray casting deformable models;coprocessors;data structures;parallel architectures;ray tracing;}, 
doi={10.1109/ICVGIP.2008.92}, 
ISSN={},}

@inproceedings{844181,
 author = {Purcell, Timothy J. and Donner, Craig and Cammarano, Mike and Jensen, Henrik Wann and Hanrahan, Pat},
 title = {Photon mapping on programmable graphics hardware},
 booktitle = {HWWS '03: Proceedings of the ACM SIGGRAPH/EUROGRAPHICS conference on Graphics hardware},
 year = {2003},
 isbn = {1-58113-739-7},
 pages = {41--50},
 location = {San Diego, California},
 publisher = {Eurographics Association},
 address = {Aire-la-Ville, Switzerland, Switzerland},
 }

@inproceedings{275461,
 author = {Jensen, Henrik Wann},
 title = {Global illumination using photon maps},
 booktitle = {Proceedings of the eurographics workshop on Rendering techniques '96},
 year = {1996},
 isbn = {3-211-82883-4},
 pages = {21--30},
 location = {Porto, Portugal},
 publisher = {Springer-Verlag},
 address = {London, UK},
 }

@inproceedings{1230129,
 author = {Horn, Daniel Reiter and Sugerman, Jeremy and Houston, Mike and Hanrahan, Pat},
 title = {Interactive k-d tree GPU raytracing},
 booktitle = {I3D '07: Proceedings of the 2007 symposium on Interactive 3D graphics and games},
 year = {2007},
 isbn = {978-1-59593-628-8},
 pages = {167--174},
 location = {Seattle, Washington},
 doi = {http://doi.acm.org/10.1145/1230100.1230129},
 publisher = {ACM},
 address = {New York, NY, USA},
 }

@inproceedings{1572783,
 author = {McGuire, Morgan and Luebke, David},
 title = {Hardware-accelerated global illumination by image space photon mapping},
 booktitle = {HPG '09: Proceedings of the Conference on High Performance Graphics 2009},
 year = {2009},
 isbn = {978-1-60558-603-8},
 pages = {77--89},
 location = {New Orleans, Louisiana},
 doi = {http://doi.acm.org/10.1145/1572769.1572783},
 publisher = {ACM},
 address = {New York, NY, USA},
 }

@Article{popov:07:GPURT,
  author       = "Stefan Popov and Johannes G{\"u}nther and Hans-Peter
                 Seidel and Philipp Slusallek",
  title        = "Stackless KD-Tree Traversal for High Performance {GPU}
                 Ray Tracing",
  editor       = "Daniel Cohen-Or and Pavel Slav{\'\i}k",
  journal      = "Computer Graphics Forum",
  year         = 2007,
  volume       = 26,
  number       = 3,
  month        = sep,
  pages        = "415--424",
  note         = "(Proceedings of Eurographics)",
  location     = "Prague, Czech Republic",
  publisher    = "The Eurographics Association and Blackwell Publishing
                 Ltd"
}

@PhdThesis{Havran:PhD,
 author = "Vlastimil Havran",
 title  = "Heuristic Ray Shooting Algorithms",
 school = "Department of Computer Science and Engineering,
           Faculty of Electrical Engineering,
           Czech Technical University in Prague",
 type   = "Ph.D. Thesis",
 year   = "2000",
 month  = "November",
 url    = "http://www.cgg.cvut.cz/~havran/phdthesis.html",
}

@PhdThesis{wald::PhD,
  author = 	 {Ingo Wald},
  title = 	 {{Realtime} {Ray} {Tracing} and {Interactive} {Global} {Illumination}},
  school = 	 {Computer Graphics Group, Saarland University},
  year = 	 2004,
}

@Article{wald:04:VVH,
	title	= { {Balancing} {Considered} {Harmful} {--} {Faster} {Photon} {Mapping} {using} {the} {Voxel} {Volume} {Heuristic}},
	author	= { Ingo Wald and Johannes G{\"u}nther and Philipp Slusallek },
	year	= { 2004 },
	journal	= { Computer Graphics Forum },
	volume	= { 22 },
	number	= { 3 },
	note	= { (Proceedings of Eurographics, to appear) }
}